@INPROCEEDINGS{ibanez2010panic,
  author = {Ib{\'a}{\~n}ez Mengual, J. M. and Fern{\'a}ndez, M. and Rodr{\'i}guez G{\'o}mez, J. R. and Garc{\'i}a Segura, A. J. and Storz, C.},
  title = {The PANIC software system},
  booktitle = {Proc. SPIE},
  year = {2010},
  volume = {7740},
  pages = {77402E},
  doi = {10.1117/12.856716}
}

@ARTICLE{cardenas2017panic,
  author = {C{\'a}rdenas V{\'a}zquez, M. C. and others},
  title = {PANIC: A General-purpose Panoramic Near-infrared Camera for the Calar Alto Observatory},
  journal = {Publications of the Astronomical Society of the Pacific},
  year = {2017},
  volume = {130},
  number = {984},
  pages = {025005},
  doi = {10.1088/1538-3873/aa9c03}
}

@MISC{papi_docs,
  author = {Ib{\'a}{\~n}ez-Mengual, J. M.},
  title = {PAPI 2.3.20250508083928 documentation},
  year = {2025},
  howpublished = {\url{https://home.iaa.csic.es/~jmiguel/PANIC/PAPI/html/index.html}},
  note = {Accessed: 2025-06-05}
}